@mastersthesis{jpthesis,
    author = {Jean-Pacifique Mbonyincungu},
    title = {A new syntax for Oz},
    institution = {École Polytechnique de Louvain, UCLouvain},
    year = {2020. Prom. Peter Van Roy},
    url = {http://hdl.handle.net/2078.1/thesis:25311},
}
% Mbonyincungu, Jean-Pacifique. A new syntax for Oz. Ecole polytechnique de Louvain, Université catholique
% de Louvain, 2020. Prom. : Van Roy, Peter ; Mens, Kim ; Laurent, Nicolas. http://hdl.handle.net/2078.1/
% thesis:25311