%! Author = barasingha
%! Date = 14/02/2021

